<?xml version="1.0"?>
<marc:records xmlns:marc="http://www.loc.gov/MARC21/slim" xmlns:xsi="http://www.w3.org/2001/XMLSchema-instance" xsi:schemaLocation="http://www.loc.gov/MARC21/slim http://www.loc.gov/standards/marcxml/schema/MARC21slim.xsd">
  <marc:record>
    <marc:leader>03128ntm a2200493Ia 4500</marc:leader>
    <marc:controlfield tag="001">9977508749403681</marc:controlfield>
    <marc:controlfield tag="005">20190410113707.0</marc:controlfield>
    <marc:controlfield tag="008">190410s1823    xx p          000 0 ota d</marc:controlfield>
    <marc:datafield ind1=" " ind2=" " tag="035">
  <marc:subfield code="a">(OCoLC)1096281783</marc:subfield>
</marc:datafield>
    <marc:datafield ind1=" " ind2=" " tag="035">
  <marc:subfield code="a">(OCoLC)on1096281783</marc:subfield>
</marc:datafield>
    <marc:datafield ind1=" " ind2=" " tag="040">
  <marc:subfield code="a">PAU</marc:subfield>
  <marc:subfield code="b">eng</marc:subfield>
  <marc:subfield code="c">PAU</marc:subfield>
  <marc:subfield code="e">amremm</marc:subfield>
</marc:datafield>
    <marc:datafield ind1=" " ind2="9" tag="099">
  <marc:subfield code="a">Ms. Roll 1906</marc:subfield>
</marc:datafield>
    <marc:datafield ind1="1" ind2=" " tag="100">
  <marc:subfield code="6">880-01</marc:subfield>
  <marc:subfield code="a">Da&#x304;rendevi&#x304;, Muh&#x323;ammad ibn Isma&#x304;&#x2BB;i&#x304;l,</marc:subfield>
  <marc:subfield code="d">active 17th century-18th century.</marc:subfield>
</marc:datafield>
    <marc:datafield ind1="1" ind2="0" tag="245">
  <marc:subfield code="6">880-02</marc:subfield>
  <marc:subfield code="a">Haza ru&#x304;zna&#x304;me-yi Da&#x304;rendevi&#x304;.</marc:subfield>
</marc:datafield>
    <marc:datafield ind1="3" ind2="0" tag="246">
  <marc:subfield code="6">880-03</marc:subfield>
  <marc:subfield code="a">Ru&#x304;zna&#x304;me-yi Da&#x304;rendevi&#x304;</marc:subfield>
</marc:datafield>
    <marc:datafield ind1=" " ind2=" " tag="260">
  <marc:subfield code="c">A.H. 1239 (1823)</marc:subfield>
</marc:datafield>
    <marc:datafield ind1=" " ind2=" " tag="300">
  <marc:subfield code="a">2 membranes :</marc:subfield>
  <marc:subfield code="b">parchment, illuminations, tables ;</marc:subfield>
  <marc:subfield code="c">95 x 840 mm.</marc:subfield>
</marc:datafield>
    <marc:datafield ind1=" " ind2=" " tag="500">
  <marc:subfield code="a">Ms. roll.</marc:subfield>
</marc:datafield>
    <marc:datafield ind1=" " ind2=" " tag="500">
  <marc:subfield code="a">Title from headpiece (membrane 1).</marc:subfield>
</marc:datafield>
    <marc:datafield ind1=" " ind2=" " tag="500">
  <marc:subfield code="a">Layout:</marc:subfield>
</marc:datafield>
    <marc:datafield ind1=" " ind2=" " tag="500">
  <marc:subfield code="a">Script: Written in naskh.</marc:subfield>
</marc:datafield>
    <marc:datafield ind1=" " ind2=" " tag="500">
  <marc:subfield code="a">Decoration: Illuminated headpiece in gold, red, blue, and orange. Calendar dates, days, prayer times, horoscope, etc. are set in tables of red and black with gold rules and headers in gold ink on a red background. Instructions are in the margins.</marc:subfield>
</marc:datafield>
    <marc:datafield ind1=" " ind2=" " tag="500">
  <marc:subfield code="a">Binding: Cover made of a thin piece of brown leather covered with paper on the inside and attached to the top of the first membrane. Outside cover has gilt stamped frame and floral motif in the center; inside cover has gold frame and double circle motif. A green ribbon is attached to close the scroll. Scroll is held on wooden bar with ivory wheels.</marc:subfield>
</marc:datafield>
    <marc:datafield ind1=" " ind2=" " tag="500">
  <marc:subfield code="a">Origin: Calendar produced by a scribe known as Hikmeti&#x304;, probably in, or just before the year A.H. 1239 (1823) (membrane 2, end).</marc:subfield>
</marc:datafield>
    <marc:datafield ind1=" " ind2=" " tag="520">
  <marc:subfield code="a">Calendar for the years A.H. 1239 to 1324 (1823 to 1907).</marc:subfield>
</marc:datafield>
    <marc:datafield ind1=" " ind2=" " tag="524">
  <marc:subfield code="a">UPenn Ms. Roll 1906.</marc:subfield>
</marc:datafield>
    <marc:datafield ind1="1" ind2=" " tag="541">
  <marc:subfield code="a">Gift of Gordon A. Block, Jr., 1966.</marc:subfield>
</marc:datafield>
    <marc:datafield ind1=" " ind2=" " tag="546">
  <marc:subfield code="a">Ottoman Turkish.</marc:subfield>
</marc:datafield>
    <marc:datafield ind1=" " ind2="0" tag="650">
  <marc:subfield code="a">Astronomy</marc:subfield>
  <marc:subfield code="v">Tables.</marc:subfield>
</marc:datafield>
    <marc:datafield ind1=" " ind2="0" tag="650">
  <marc:subfield code="a">Islamic calendar.</marc:subfield>
</marc:datafield>
    <marc:datafield ind1=" " ind2="7" tag="655">
  <marc:subfield code="a">Calendars (documents by form)</marc:subfield>
  <marc:subfield code="2">aat</marc:subfield>
</marc:datafield>
    <marc:datafield ind1=" " ind2="7" tag="655">
  <marc:subfield code="a">Scrolls (information artifacts)</marc:subfield>
  <marc:subfield code="2">aat</marc:subfield>
</marc:datafield>
    <marc:datafield ind1=" " ind2="7" tag="655">
  <marc:subfield code="a">Tables (documents)</marc:subfield>
  <marc:subfield code="2">aat</marc:subfield>
</marc:datafield>
    <marc:datafield ind1=" " ind2="0" tag="655">
  <marc:subfield code="a">Manuscripts, Turkish</marc:subfield>
  <marc:subfield code="y">19th century.</marc:subfield>
</marc:datafield>
    <marc:datafield ind1="0" ind2=" " tag="700">
  <marc:subfield code="6">880-04</marc:subfield>
  <marc:subfield code="a">Hikmeti&#x304;,</marc:subfield>
  <marc:subfield code="d">active 1823,</marc:subfield>
  <marc:subfield code="e">scribe</marc:subfield>
</marc:datafield>
    <marc:datafield ind1="1" ind2=" " tag="700">
  <marc:subfield code="a">Block, Gordon A.,</marc:subfield>
  <marc:subfield code="c">Jr.,</marc:subfield>
  <marc:subfield code="d">1914-1973,</marc:subfield>
  <marc:subfield code="e">former owner.</marc:subfield>
</marc:datafield>
    <marc:datafield ind1=" " ind2=" " tag="852">
  <marc:subfield code="b">Kislak Center for Special Collections, Rare Books and Manuscripts</marc:subfield>
  <marc:subfield code="a">University of Pennsylvania</marc:subfield>
  <marc:subfield code="e">3420 Walnut Street, Philadelphia, Pennsylvania 19104-6206</marc:subfield>
  <marc:subfield code="j">Ms. Roll 1906</marc:subfield>
</marc:datafield>
    <marc:datafield ind1="1" ind2=" " tag="880">
  <marc:subfield code="6">100-01//r</marc:subfield>
  <marc:subfield code="a">&#x62F;&#x627;&#x631;&#x646;&#x62F;&#x648;&#x64A;&#x60C; &#x645;&#x62D;&#x645;&#x62F; &#x628;&#x646; &#x627;&#x633;&#x645;&#x627;&#x639;&#x649;&#x644;&#x60C;</marc:subfield>
  <marc:subfield code="d">active 17th century-18th century.</marc:subfield>
</marc:datafield>
    <marc:datafield ind1="1" ind2="0" tag="880">
  <marc:subfield code="6">245-02//r</marc:subfield>
  <marc:subfield code="a">&#x647;&#x630;&#x627; &#x631;&#x648;&#x632; &#x646;&#x627;&#x645;&#x6C0; &#x62F;&#x627;&#x631;&#x646;&#x62F;&#x648;&#x649;.</marc:subfield>
</marc:datafield>
    <marc:datafield ind1="3" ind2="0" tag="880">
  <marc:subfield code="6">246-03//r</marc:subfield>
  <marc:subfield code="a">&#x631;&#x648;&#x632; &#x646;&#x627;&#x645;&#x6C0; &#x62F;&#x627;&#x631;&#x646;&#x62F;&#x648;&#x649;</marc:subfield>
</marc:datafield>
    <marc:datafield ind1="0" ind2=" " tag="880">
  <marc:subfield code="6">700-04//r</marc:subfield>
  <marc:subfield code="a">&#x62D;&#x643;&#x645;&#x62A;&#x649;&#x60C;</marc:subfield>
  <marc:subfield code="d">active 1823.</marc:subfield>
</marc:datafield>
    <marc:datafield ind1=" " ind2=" " tag="948">
  <marc:subfield code="h">HELD BY PAU - 0 OTHER HOLDINGS</marc:subfield>
</marc:datafield>
    <marc:datafield ind1=" " ind2=" " tag="994">
  <marc:subfield code="a">Z0</marc:subfield>
  <marc:subfield code="b">PAU</marc:subfield>
</marc:datafield>
    <marc:datafield ind1=" " ind2=" " tag="996">
  <marc:subfield code="a">hinge-right</marc:subfield>
</marc:datafield>
    <marc:holdings>
      <marc:holding>
        <marc:holding_id>22584588220003681</marc:holding_id>
        <marc:call_number>Ms. Roll 1906</marc:call_number>
        <marc:library>KislakCntr</marc:library>
        <marc:location>scmss</marc:location>
      </marc:holding>
    </marc:holdings>
  </marc:record>
</marc:records>
